3282 5114
314 384 376 446 ns
790 371 953 428 sununs.

303 547 382 638 sors
407 548 581 635 oppressit,
605 550 644 612 st.
671 551 755 612 mota
777 551 863 628 sunt,
887 566 967 632 quoe
981 543 1059 634 sors
1081 544 1264 630 oppressit3
1294 541 1348 622 VI,
1372 549 1428 610 18:

310 667 407 750 pater
430 680 554 746 quoque
674 679 715 723 ao
732 657 838 740 trater
859 656 1065 743 praetorius,
1100 676 1168 720 cum
1191 654 1357 722 damnatio
1379 655 1426 718 in-

311 774 425 852 staret,
448 769 571 856 seipsi
592 767 793 852 interfecere,
816 772 854 832 st.
877 767 969 852 patri
992 787 1115 852 quoque
1213 787 1252 829 ae
1273 763 1374 847 tratri
1397 812 1427 828 ..

312 882 481 948 damnatio
501 879 662 957 instabat,
685 879 745 945 sed
766 879 886 964 seipsi
908 876 1118 963 interfusum
1145 874 1225 955 XII,
1247 879 1285 940 57
1296 897 1303 938 ε
1342 875 1428 952 Quin
1490 904 1494 913 ¹

313 997 344 1058 et
382 991 559 1058 conuiuium
592 987 723 1072 effluvio
760 991 848 1054 lacus
882 988 1066 1075 appositum
1106 1005 1222 1070 magna
1247 983 1428 1074 formidine

313 1105 442 1166 cunetas
485 1099 599 1190 affecit
632 1102 671 1162 st¹
705 1099 892 1186 oppositum
930 1102 979 1162 est
1012 1101 1043 1162 et
1075 1097 1167 1180 (odor
1193 1095 1280 1181 quart
1309 1095 1428 1177 tamen)

312 1231 430 1296 magno
448 1207 628 1294 formidine
648 1213 777 1274 cunctos
797 1207 931 1298 affecits
945 1205 1028 1286 XIV,
1049 1210 1107 1270 54:
1132 1205 1201 1272 Nec
1220 1228 1270 1271 nce
1293 1206 1327 1268 iu
1348 1227 1428 1292 pau-

313 1323 476 1406 pertatem
499 1319 570 1405 ipse
584 1317 768 1392 detrudam,
791 1317 850 1382 sed
865 1317 1010 1393 traditis,
1033 1337 1166 1401 quorum
1180 1312 1314 1403 fulgore
1337 1336 1427 1402 proe-

312 1430 475 1513 stringor,
497 1427 583 1514 quod
605 1429 760 1514 temporis
780 1429 942 1492 hortorum
966 1431 1022 1490 out
1045 1425 1194 1490 uillarum
1218 1447 1315 1493 aurae
1336 1448 1427 1513 sepa·

311 1541 411 1614 nitur,
433 1539 468 1603 in
483 1538 620 1602 animum
632 1542 792 1618 revocabo,
813 1541 852 1602 st.
868 1536 928 1601 sed
943 1538 994 1622 (ea
1008 1536 1147 1620 tantum)
1164 1537 1296 1601 tradam
1321 1583 1372 1600 ...
1396 1542 1428 1602 et

387 1647 560 1724 reuocaba;
590 1646 677 1714 Hist.
706 1648 733 1728 1,
756 1653 793 1712 8:
825 1647 956 1713 Galliae
985 1647 1132 1712 ciuitates
1154 1667 1217 1710 non
1241 1645 1349 1712 eodem
1373 1647 1428 1712 lco-

313 1781 390 1825 nore
409 1757 561 1831 habitae,
583 1756 739 1841 quaestam
763 1758 859 1822 etiam
884 1756 1011 1848 finibus
1033 1755 1195 1843 ademptis
1217 1757 1293 1842 pari
1315 1755 1427 1822 dolore

313 1867 475 1935 commodo
493 1867 601 1931 alieno
624 1889 663 1930 ac
683 1890 759 1932 suas
776 1868 912 1931 iniurias
927 1866 1152 1943 metiebantur,
1175 1870 1214 1930 st.
1239 1866 1429 1952 quibusdam

312 1982 406 2045 etiam
419 1978 510 2069 fines
532 1975 678 2062 adempti
702 1981 735 2042 et
763 1977 798 2041 m·
895 1977 1123 2050 metiebantur;
1156 1977 1189 2057 I,
1213 1979 1270 2040 66:
1299 1977 1428 2063 publice

311 2093 417 2154 tamen
436 2087 534 2152 armis
556 2085 686 2151 multati
707 2088 848 2174 priuatis
871 2092 904 2153 et
923 2087 1094 2174 promiscis
1118 2087 1221 2172 copiis
1242 2089 1350 2152 iuuere
1371 2089 1427 2151 rni-

312 2199 416 2271 litum,
445 2201 483 2261 st.
504 2195 633 2261 multati
655 2202 781 2263 suntet
804 2243 832 2261 ..
853 2199 981 2277 iuuere,·
1009 2196 1051 2276 II,
1075 2201 1134 2261 39:
1169 2196 1263 2262 Celso
1286 2201 1318 2263 et
1343 2197 1426 2264 Pau-

312 2308 379 2372 tino
393 2306 605 2374 abnuentibus
627 2308 759 2374 mititem
780 2309 896 2374 itinere
916 2306 1047 2390 fessum,
1070 2307 1212 2372 sarcinis
1229 2327 1357 2392 grauem
1377 2309 1429 2373 cb·

311 2419 410 2484 iioere
432 2419 518 2483 beasti
542 2465 568 2482 ..
585 2463 609 2498 .,
644 2418 792 2482 Titianus
816 2423 848 2483 et
875 2417 1043 2500 Proculus,
1076 2418 1132 2487 ubi
1160 2418 1303 2482 consiliis
1324 2420 1428 2484 uince-

312 2533 435 2608 rentur,
458 2527 503 2592 ad
526 2528 578 2592 ius
599 2529 728 2615 imperit
749 2527 944 2603 transibant,
965 2533 1003 2592 st.
1025 2527 1089 2593 Tit.
1115 2533 1146 2593 et
1172 2528 1263 2593 Prae.
1287 2531 1429 2595 consiliis

312 2637 536 2713 vincebantur,
559 2637 618 2703 sect
715 2637 919 2716 transibant;
942 2639 984 2718 ΙΙ,
1007 2643 1066 2702 41:
1090 2639 1229 2725 Equites
1248 2660 1429 2726 prorupere

313 2752 364 2821 et,
395 2747 511 2810 mirum
532 2747 641 2824 dictu,
676 2771 697 2812 a
728 2748 938 2834 paucioribus
971 2749 1167 2814 Othonianis
1198 2751 1363 2834 quominus
1393 2751 1428 2814 in

313 2857 431 2922 uallum
447 2859 707 2944 impingerentur,
733 2857 869 2923 Italicae
886 2858 1021 2942 legionis
1037 2861 1155 2924 uirtute
1175 2859 1327 2925 deterriti
1342 2865 1427 2936 sunt,

313 2973 352 3033 st.
368 2968 505 3054 impacti
521 2972 645 3044 essent,
676 2967 743 3033 nisi
838 2967 992 3034 deterriti
1005 2974 1118 3036 essent.
1164 2973 1231 3034 Aus
1246 2970 1318 3035 dem
1335 2971 1427 3054 Agri-

313 3078 398 3144 cola:
421 3099 445 3141 o.
470 3081 484 3140 1
521 3081 557 3140 9:
580 3101 619 3142 ao
639 3077 788 3164 plerique
810 3099 901 3142 suam
922 3079 989 3166 ipsi
1011 3082 1111 3145 uitam
1125 3079 1427 3165 narrarefioluoiam

311 3187 425 3274 potius
447 3209 568 3252 morum
591 3199 684 3273 quam
707 3189 926 3274 arrogantiam
949 3189 1105 3256 arbitrati
1126 3196 1211 3268 sunt,
1233 3197 1272 3256 st.
1296 3215 1334 3256 oe
1349 3193 1425 3282 ple-

312 3300 404 3384 rique
501 3302 714 3364 narraverunt
742 3297 841 3384 iriqus
960 3299 1116 3367 arbitrati
1144 3305 1235 3374 sunt‚·
1270 3321 1296 3368 c.
1322 3307 1358 3383 5,
1388 3307 1423 3368 3:

312 3430 370 3472 neo
393 3407 546 3492 Agricola
567 3407 702 3473 licenter
724 3428 811 3472 more
841 3409 1003 3492 iuuenum,
1026 3412 1082 3496 qui
1098 3410 1248 3476 militiam
1270 3413 1306 3477 in
1329 3412 1424 3479 lasci·

311 3518 395 3582 uiam
418 3520 560 3597 uertunt,
590 3538 691 3603 neque
720 3518 864 3602 segniter
892 3518 937 3583 ad
958 3519 1142 3605 uoluptates
1172 3524 1205 3586 et
1236 3528 1427 3588 commeatus

312 3628 441 3692 titulum
461 3626 646 3693 tribunatus
669 3631 701 3692 et
720 3629 883 3693 inscitiam
904 3629 1019 3694 retulit
1040 3637 1080 3704 (c.
1104 3650 1143 3696 zu
1169 3630 1198 3696 d.
1222 3631 1298 3716 St.);
1322 3651 1348 3698 o.
1375 3637 1424 3712 10,

315 3743 368 3802 12:
399 3736 467 3803 sed
495 3738 677 3802 immensum
707 3750 738 3802 et
766 3758 891 3804 enorme
920 3739 1061 3824 spatium
1091 3744 1347 3826 procurrentium
1369 3767 1422 3810 er·

311 3853 411 3914 tremo
444 3848 509 3913 iam
540 3848 635 3914 litore
665 3860 826 3912 terrarum
853 3847 940 3913 oelut
968 3850 1003 3914 in
1034 3872 1164 3916 cuneum
1185 3857 1356 3930 tenuatur,
1385 3859 1423 3918 st.

311 3963 455 4046 spatium
553 3962 602 4023 est
625 3957 724 4043 idque
745 3963 989 4039 ...-tenuatum
1019 3983 1044 4026 o.
1078 3965 1135 4042 10,
1161 3965 1215 4028 19:
1247 3962 1306 4028 sed
1336 3980 1424 4030 mure

309 4069 438 4156 pigrum
460 4073 493 4133 et
522 4088 620 4152 grace
644 4068 872 4152 remigantibus
900 4060 1073 4156 perbibent
1094 4095 1134 4138 ne
1165 4074 1269 4139 uentis
1292 4073 1424 4161 quictem

309 4178 447 4266 perinde
468 4178 586 4258 attolit,
609 4182 649 4242 st.
673 4201 760 4244 more
781 4180 910 4266 pigrum
933 4184 965 4246 et
984 4201 1083 4264 grace
1104 4183 1335 4268 rernigantibus
1357 4207 1425 4250 esse

309 4289 482 4376 perbibent
494 4311 532 4354 ao
544 4309 583 4352 ne
593 4289 697 4354 uentis
709 4289 837 4375 quictem
848 4291 984 4378 perinde
996 4292 1103 4357 attolli
1112 4316 1122 4372 ;
1145 4313 1171 4356 c.
1184 4297 1235 4374 44,
1252 4298 1287 4358 11
1298 4317 1305 4358 :
1334 4293 1423 4360 Filia

311 4405 408 4486 atque
429 4421 530 4466 urere
553 4400 783 4487 superstitibus
800 4406 908 4488 petest
925 4401 1032 4467 uideri
1052 4403 1149 4468 etiam
1171 4403 1282 4470 beatus
1301 4405 1423 4470 incolu-
