3282 5114
329 319 389 379 116
808 315 971 370 ANHANG.

328 484 579 551 recordarentur
587 508 598 558 ‚·
629 485 712 551 Hirt.
743 487 777 567 Ι,
808 491 864 551 52:
897 485 979 574 (ut)
1009 486 1160 554 Vitellius
1192 486 1285 573 apud
1317 509 1443 553 severae

325 595 465 675 humilio,
490 597 538 661 ito
555 596 736 662 comitatem
751 596 988 683 bonitatemque
1001 603 1148 680 faventes
1169 597 1332 682 vocabant,
1356 598 1442 684 quod

324 707 394 771 eine
416 705 527 782 moda,
556 711 625 771 ciue
654 705 777 772 iudicio
800 706 934 774 donaret
956 731 1029 789 rua,
1054 708 1228 793 largiretur
1249 708 1375 782 aliena,
1400 715 1439 773 st.

325 817 374 882 ita
398 816 489 903 apud
511 817 594 882 leues
617 815 696 899 (leve
717 818 844 902 vulgus)
868 819 1073 903 magnificus,
1093 841 1167 886 uam
1192 866 1246 882 ...
1269 819 1440 885 vocabant.

326 927 392 991 Auo
413 927 486 991 dem
512 926 674 1010 Agricola:
703 947 729 991 c.
757 931 783 1006 1,
809 931 842 990 6:
874 928 963 1014 apud
991 931 1117 1016 priores
1147 933 1183 994 ut
1215 950 1312 1014 egere
1340 929 1442 1012 diyna

325 1041 497 1103 memoratu
519 1059 653 1124 prauum
668 1039 834 1124 magisque
849 1039 883 1102 in
904 1043 1021 1125 aperta
1043 1043 1122 1120 erat,
1145 1040 1195 1104 ita
1216 1039 1440 1105 celeberrimus

326 1149 459 1236 quicque
481 1148 610 1232 iugenio
633 1147 678 1214 ad
697 1147 899 1234 prodendam
919 1149 1053 1213 virtutis
1074 1156 1254 1216 memoriam
1276 1151 1345 1214 siue
1366 1169 1437 1233 gra·
1461 1227 1467 1239 ·

325 1261 373 1323 tia
395 1263 450 1323 aut
476 1258 648 1324 ambitione
671 1259 771 1324 bonae
789 1262 913 1324 tautum
936 1259 1154 1324 conscientiae
1167 1260 1277 1340 pretio
1302 1257 1440 1324 duceba-

327 1383 389 1452 tur,
413 1373 453 1435 st.
477 1374 515 1435 ut
536 1389 649 1454 agere,
669 1369 718 1434 ita
739 1367 879 1435 scribere
900 1373 1074 1434 memoratu
1097 1371 1197 1454 digua
1218 1390 1353 1456 pronum
1375 1389 1439 1433 ma·

325 1479 439 1565 piaque
461 1479 495 1541 iu
520 1491 632 1564 operta
655 1484 738 1559 erat,
763 1502 836 1544 uam
859 1478 1081 1545 celeberrimus
1104 1481 1238 1566 quisque
1260 1484 1337 1560 otc.;
1362 1500 1388 1545 o.
1409 1484 1440 1561 3,

326 1593 364 1651 7:
385 1592 421 1654 ut
441 1610 577 1675 corporo
591 1592 701 1655 mostra
715 1589 799 1655 lente
816 1594 1001 1675 augescunt,
1026 1591 1091 1654 cita
1110 1589 1370 1674 eretiuguuutur‚
1393 1596 1441 1656 eie

326 1699 457 1784 ingenia
479 1699 654 1787 studiaque
676 1702 877 1786 oppresseris
897 1697 1032 1784 facilius
1055 1723 1145 1786 quam
1167 1702 1376 1782 revocaveris,
1399 1708 1438 1766 st.

326 1811 375 1874 cic
397 1810 530 1893 iupeoia
550 1809 725 1897 studiaque
749 1811 847 1895 (lente
869 1815 1055 1896 augescunt,
1077 1811 1142 1876 cita
1164 1812 1441 1896 exstinguuntur),

328 1941 409 2006 quae
432 1919 524 2002 (odor
545 1942 617 1985 uam
640 1922 691 2006 ea)
715 1927 916 2008 oppresseria
937 1926 1016 2006 otc.;
1038 1942 1064 1985 o.
1088 1925 1139 2001 31,
1163 1925 1201 1984 9:
1223 1923 1308 1988 sicut
1330 1923 1365 1986 iu
1377 1919 1439 2010 fa-

328 2030 417 2095 milia
443 2032 681 2097 receutieeimue
710 2031 843 2118 quicque
871 2054 1034 2098 cervarum
1056 2035 1150 2096 etiam
1172 2032 1331 2096 conservio
1351 2032 1438 2098 tudi-

329 2141 487 2218 briocci,
516 2142 564 2206 oia
586 2146 619 2204 iu
649 2142 708 2206 lece
737 2141 822 2206 orbis
843 2146 1003 2207 terrarum
1023 2138 1192 2228 famulatu
1220 2143 1293 2206 uoci
1321 2163 1380 2207 moe
1406 2148 1441 2208 et

327 2251 406 2316 uites
427 2252 462 2315 iu
483 2251 646 2317 excidium
664 2252 822 2338 petimur,
845 2273 903 2332 wc,
925 2272 1029 2336 gcnou
1052 2272 1251 2334 genommen‚
1274 2250 1373 2318 sehon
1396 2253 1440 2316 im

327 2365 435 2426 ersten
458 2361 616 2443 Satzglied
639 2361 698 2425 der
719 2360 880 2428 wirkliohc
896 2360 1250 2445 Vergleichungspunkt
1271 2362 1331 2426 mit
1353 2361 1442 2428 einer

327 2470 534 2554 speciclleron
552 2473 772 2555 Bestimmung
785 2471 970 2537 vertauocht
990 2473 1041 2552 ist,
1064 2473 1106 2536 do
1127 2493 1160 2538 os
1174 2471 1344 2555 cigentlioh
1357 2472 1441 2538 heis·

328 2605 385 2650 son
407 2587 546 2648 miisstc:
567 2583 651 2647 sicut
673 2584 706 2645 iu
727 2580 855 2664 familia
880 2583 1118 2649 recentissimus
1134 2584 1266 2669 quiaque
1281 2603 1442 2648 amarum

328 2695 403 2760 oilie
424 2698 480 2774 eet,
503 2694 558 2779 qui
580 2693 678 2758 etiam
705 2693 865 2759 conservio
886 2692 1028 2758 ludibrio
1052 2698 1112 2772 eet,
1137 2694 1185 2758 uic
1206 2697 1302 2758 etiam
1324 2694 1357 2757 in
1381 2693 1442 2758 leoe

329 2805 415 2870 orbis
435 2801 591 2889 sarrerrlatu
613 2803 869 2888 (recentissimus
892 2805 1026 2890 quisque
1048 2804 1124 2869 oilie
1145 2803 1225 2887 eet),
1248 2824 1346 2889 quare
1367 2803 1442 2868 uooi

328 2937 384 2979 rrae
407 2919 439 2980 et
460 2914 537 2978 oilee
557 2915 592 2977 iu
614 2914 774 2980 excidium
796 2915 944 3001 petimur.

424 3023 601 3090 Bosonders
630 3024 790 3090 zahlrcich
815 3024 886 3089 sind
911 3025 962 3091 die
992 3025 1146 3108 Beispielc
1174 3023 1228 3089 fiir
1266 3023 1317 3089 dic
1348 3024 1439 3090 Anti-

328 3135 435 3200 theoo:
468 3139 545 3199 Anu.
567 3135 601 3215 Ι,
628 3140 683 3198 17:
711 3158 773 3199 uon
796 3135 972 3201 obtrectari
1000 3158 1020 3199 a
1050 3157 1085 3200 ee
1116 3138 1255 3200 urbanas
1277 3134 1437 3206 excubiae,

328 3245 391 3310 eibi
402 3250 508 3312 tameo
526 3244 617 3332 apud
628 3245 781 3333 torridae
801 3251 911 3330 gentes
924 3270 941 3311 e
952 3245 1168 3312 contuberniis
1188 3245 1307 3310 hortem
1323 3245 1438 3332 aspici,

329 3361 368 3422 st.
404 3377 493 3420 suam
529 3360 634 3430 tamen
672 3354 887 3422 condicionem
918 3377 985 3421 esee
1012 3356 1241 3430 molestiorem,
1272 3377 1343 3421 uam
1378 3356 1440 3420 eibi
1540 3428 1549 3437 .

328 3471 407 3549 otc.;
427 3467 452 3548 Ι,
470 3469 527 3530 63;
550 3466 584 3529 iu
599 3465 754 3553 paludem
768 3487 900 3550 goaram
915 3466 1124 3546 vincentibus,
1147 3466 1290 3551 iniquam
1311 3466 1441 3540 mercii&

327 3579 440 3658 11‚47:
466 3575 597 3641 Sedieee
619 3577 785 3640 immensae
807 3579 938 3649 montes,
960 3576 1029 3639 cisa
1052 3575 1086 3639 iu
1101 3574 1216 3651 arduo,
1236 3597 1319 3662 quae
1340 3575 1440 3662 pluma

328 3685 449 3769 tuerint
472 3687 533 3771 (wo
546 3685 757 3769 Nipperdey’s
774 3684 945 3768 Conjectur
967 3687 1055 3750 enisa
1076 3686 1112 3750 io
1131 3685 1269 3752 arduum
1281 3685 1441 3767 unnothig

327 3797 393 3881 ist),
414 3800 453 3862 st.
476 3797 576 3884 plano
597 3797 630 3860 iu
653 3799 774 3859 mouteo
795 3796 992 3876 surrexisse,
1022 3801 1058 3861 ut
1087 3797 1121 3860 iu
1144 3795 1248 3862 ardua
1270 3800 1341 3860 vira
1362 3795 1439 3871 siut,

328 3929 409 3994 quae
428 3907 527 3994 plara
546 3904 684 3987 sueriut3
705 3906 760 3986 IV,
774 3909 841 3969 34:
865 3904 939 3970 Nau
961 3910 995 3969 iu
1016 3905 1142 3992 effigies
1163 3909 1268 3971 mutae
1289 3905 1441 3992 spiritum

327 4024 537 4101 transfusum,
562 4016 621 4082 ced
637 4015 774 4106 effigiem
788 4038 904 4093 ceram,
928 4016 1059 4082 caelesti
1081 4018 1235 4102 sauguine
1257 4019 1368 4088 artam,
1392 4017 1440 4080 iu·

328 4129 481 4214 tellegere
504 4127 697 4208 discrimem,
731 4127 897 4214 succipere
919 4127 1049 4205 cordes,
1080 4131 1118 4193 st.
1148 4127 1208 4193 red
1233 4133 1266 4191 iu
1296 4123 1439 4215 effigiem

327 4261 448 4326 ueram,
480 4262 506 4303 o.
528 4260 553 4301 a.
583 4241 705 4318 artam,
740 4259 870 4324 eamque
892 4243 970 4318 otc.;
1000 4237 1095 4318 XIII,
1120 4241 1178 4300 21:
1207 4235 1439 4324 (Agrippina)
1480 4311 1483 4317 ¹

327 4350 411 4415 nihil
508 4349 680 4430 disseruit,
711 4347 770 4413 ced
796 4347 944 4413 ultionem
972 4349 1006 4412 iu
1038 4346 1217 4428 delatcreo¹
1232 4352 1265 4414 et
1291 4347 1439 4434 praemia

328 4461 439 4526 amicis
469 4460 608 4527 obtinuit
639 4463 678 4524 st.
708 4458 886 4547 postulavit
909 4461 940 4525 el
970 4457 1128 4539 obtinuit5
1156 4457 1239 4540 XIV,
1263 4461 1320 4523 68:
1341 4479 1440 4545 eoque
